@Article{ARM,
  author =       "David Seal",
  title =        "ARM Architecture Reference Manual",
  publisher =    "Addison-Wesley Longman Publishing Co.,Inc., Boston, MA",
  year = 2000
}

@misc{FVP,
  title =        "Fixed Virtual Platforms",
  publisher =    "Arm Developer",
  howpublished = {\url{https://developer.arm.com/products/system-design/fixed-virtual-platforms}},
  note = {Accessed: 2018-03-30}
}

@Article{Mdesc,
  author =       "Norman Ramsey",
  author =       "Jack W. Davidson",
  title =        "Machine Descriptions to Build Tools for Embedded Systems"
}

@Article{Vale,
  author =       "Barry Bond",
  author =       "Chris Hawblitzel", 
  author =       "Manos Kapritsos", 
  author =       "K. Rustan M. Leino", 
  author =       "Jacob R. Lorch", 
  author =       "Bryan Parno", 
  author =       "Ashay Rane", 
  author =       "Srinath Setty", 
  author =       "Laure Thompson",
  title =        "Vale: Verifying High-Performance Cryptographic Assembly Code"
}

@Article{Cgo,
  author =       "Niranjan Hasabnis",
  author =       "Rui Qiao",
  author =       "R. Sekar",
  title =        "Checking Correctness of Code Generator Architecture Specifications"
}

@Article{Nvd,
  author =       "Roberto Paleari",
  author =       "Lorenzo Martignoni",
  author =       "Giampaolo Fresi Roglia",
  author =       "Danilo Bruschi",
  title =        "N-version Disassembly: Differential Testing of x86 Disassemblers"
}

@Article{Checker,
  author =       "Mary Fernandez",
  author =       "Norman Ramsey",
  title =        "Automatic Checking of Instruction Specifications"
}

@Article{Statecmp,
  author =       "Bob Glamm",
  author =       "David J. Lilja",
  title =        "Automatic Verification of Instruction Set Simulation Using Synchronized State Comparison"
}

@Article{Design,
  author =       "Norman Ramsey",
  author =       "Jack W. Davidson",
  author =       "Mary F. Fernandez",
  title =        "Design Principles for Machine-Description Languages"
} 

@Article{Klee,
  author =       "Cristian Cadar",
  author =       "Daniel Dunbar",
  author =       "Dawson Engler",
  title =        "KLEE: Unassisted and Automatic Generation of High-Coverage Tests for Complex Systems Programs"
} 

@Article{Path,
  author =       "Lorenzo Martignoni",
  title =        "Path-Exploration Lifting: Hi-Fi Tests for Lo-Fi Emulators"
} 

@Article{Emu,
  author =       "Lorenzo Martignoni",
  title =        "Testing CPU Emulators"
}

@misc{Princess,
  title = "Evolving Operating Systems",
  howpublished = {\url{https://syrah.eecs.harvard.edu/darpa-princess-project?admin\_panel=1}},
  note = {Accessed: 2018-03-30}
}

@misc{Debug,
  title = "DS-5 Development Studio",
  howpublished = {\url{https://developer.arm.com/products/software-development-tools/ds-5-development-studio/ds-5-debugger/overview}},
  note = {Accessed: 2018-03-30}
}

@misc{iPhone,
  title = "iPhone Benchmarks",
  howpublished = {\url{https://browser.geekbench.com/ios\_devices/42}},
  note = {Accessed: 2018-03-30}
}